<?xml version="1.0" encoding="UTF-8"?><collection xmlns="http://www.loc.gov/MARC21/slim"><record><leader>00575nam--2200193-i-4500</leader><controlfield tag="001">000013290</controlfield><controlfield tag="002">20161230</controlfield><controlfield tag="005">20161230201030</controlfield><controlfield tag="008">060222s1000------------r-----000-0-eng-d</controlfield><datafield ind1=" " ind2=" " tag="040"><subfield code="a">IFIN-HH</subfield></datafield><datafield ind1=" " ind2=" " tag="080"><subfield code="a">621.375.826:535.34</subfield></datafield><datafield ind1="1" ind2=" " tag="100"><subfield code="a">Arecchi, F. T</subfield></datafield><datafield ind1="1" ind2="0" tag="245"><subfield code="a">Coherence in spectroscopy and modern physics</subfield><subfield code="c">F.t. arecchi, r. bonifacio, m.o. scully (eds.)</subfield></datafield><datafield ind1=" " ind2=" " tag="260"><subfield code="a">New York</subfield><subfield code="b">Plenum Press</subfield><subfield code="c">1978</subfield></datafield><datafield ind1=" " ind2=" " tag="300"><subfield code="a">VIII + 402 P</subfield></datafield><datafield ind1=" " ind2=" " tag="490"><subfield code="a">Nato Adveneed Study Institutes Series, 37</subfield></datafield><datafield ind1="1" ind2=" " tag="700"><subfield code="a">Scully, M.O</subfield><subfield code="e">Ed</subfield></datafield><datafield ind1=" " ind2=" " tag="852"><subfield code="a">42470</subfield><subfield code="c">53</subfield></datafield><datafield ind1=" " ind2=" " tag="CAT"><subfield code="a">Sys</subfield><subfield code="c">20150319</subfield><subfield code="h">143247</subfield></datafield></record></collection>